@article{scottSocial,
  title={Social network analysis},
  author={Scott, John},
  journal={Sociology},
  volume={22},
  number={1},
  pages={109--127},
  year={1988},
  publisher={British Sociological Association Publications Limited}
}

@article{scott2011social,
  title={Social network analysis: developments, advances, and prospects},
  author={Scott, John},
  journal={Social network analysis and mining},
  volume={1},
  number={1},
  pages={21--26},
  year={2011},
  publisher={Springer}
}

@book{westIntroduction,
  title={Introduction to Graph Theory},
  author={West, D.B.},
  isbn={9780132278287},
  lccn={95024773},
  url={https://books.google.com.cy/books?id=HuvuAAAAMAAJ},
  year={1996},
  publisher={Prentice Hall}
}

@article{borgattinetwork,
  title={Network measures of social capital},
  author={Borgatti, Stephen P and Jones, Candace and Everett, Martin G},
  journal={Connections},
  volume={21},
  number={2},
  pages={27--36},
  year={1998}
}

@book{scott2017social,
  title={Social network analysis},
  author={Scott, John},
  year={2017},
  publisher={Sage}
}

@article{travers1967small,
  title={The small world problem},
  author={Travers, Jeffrey and Milgram, Stanley},
  journal={Phychology Today},
  volume={1},
  pages={61--67},
  year={1967},
  publisher={JSTOR}
}

@article{newman2004analysis,
  title={Analysis of weighted networks},
  author={Newman, Mark EJ},
  journal={Physical review E},
  volume={70},
  number={5},
  pages={056131},
  year={2004},
  publisher={APS}
}

@article{castellsInformationalism,
  title={Informationalism, networks, and the network society: a theoretical blueprint},
  author={Castells, Manuel},
  journal={The network society: A cross-cultural perspective},
  pages={3--45},
  year={2004},
  publisher={Edward Elgar Northampton, MA}
}

@inproceedings{leskovecPlanetary,
  title={Planetary-scale views on a large instant-messaging network},
  author={Leskovec, Jure and Horvitz, Eric},
  booktitle={Proceedings of the 17th international conference on World Wide Web},
  pages={915--924},
  year={2008},
  organization={ACM}
}

@book{kellerInfluentials,
  title={The influentials: One American in ten tells the other nine how to vote, where to eat, and what to buy},
  author={Keller, Edward and Berry, Jonathan},
  year={2003},
  publisher={Simon and Schuster}
}

@article{freemanDevelopment,
  title={The development of social network analysis-With an emphasis on recent events},
  author={Freeman, Linton C},
  journal={The sage handbook of social network analysis},
  volume={21},
  number={3},
  pages={26--39},
  year={2011},
  publisher={Sage London}
}

@article{bonacich1987power,
  title={Power and centrality: A family of measures},
  author={Bonacich, Phillip},
  journal={American journal of sociology},
  volume={92},
  number={5},
  pages={1170--1182},
  year={1987},
  publisher={University of Chicago Press}
}

@article{burt1997contingent,
  title={The contingent value of social capital},
  author={Burt, Ronald S},
  journal={Administrative science quarterly},
  pages={339--365},
  year={1997},
  publisher={JSTOR}
}

@book{wasserman1994social,
  title={Social network analysis: Methods and applications},
  author={Wasserman, Stanley and Faust, Katherine},
  volume={8},
  year={1994},
  publisher={Cambridge university press}
}

@article{cross2001beyond,
  title={Beyond answers: dimensions of the advice network},
  author={Cross, Rob and Borgatti, Stephen P and Parker, Andrew},
  journal={Social networks},
  volume={23},
  number={3},
  pages={215--235},
  year={2001},
  publisher={Elsevier}
}

@article{borgatti2006identifying,
  title={Identifying sets of key players in a social network},
  author={Borgatti, Stephen P},
  journal={Computational \& Mathematical Organization Theory},
  volume={12},
  number={1},
  pages={21--34},
  year={2006},
  publisher={Springer}
}

@article{bavelas1950communication,
  title={Communication patterns in task-oriented groups},
  author={Bavelas, Alex},
  journal={The Journal of the Acoustical Society of America},
  volume={22},
  number={6},
  pages={725--730},
  year={1950},
  publisher={ASA}
}

@article{freeman1977set,
  title={A set of measures of centrality based on betweenness},
  author={Freeman, Linton C},
  journal={Sociometry},
  pages={35--41},
  year={1977},
  publisher={JSTOR}
}


@inproceedings{jaminplacement,
  title={On the placement of internet instrumentation},
  author={Jamin, Sugih and Jin, Cheng and Jin, Yixin and Raz, Danny and Shavitt, Yuval and Zhang, Lixia},
  booktitle={INFOCOM 2000. Nineteenth Annual Joint Conference of the IEEE Computer and Communications Societies. Proceedings. IEEE},
  volume={1},
  pages={295--304},
  year={2000},
  organization={IEEE}
}

@inproceedings{qiuplacement,
  title={On the placement of web server replicas},
  author={Qiu, Lili and Padmanabhan, Venkata N and Voelker, Geoffrey M},
  booktitle={INFOCOM 2001. Twentieth Annual Joint Conference of the IEEE Computer and Communications Societies. Proceedings. IEEE},
  volume={3},
  pages={1587--1596},
  year={2001},
  organization={IEEE}
}

@inproceedings{bartalprobabilistic,
  title={Probabilistic approximation of metric spaces and its algorithmic applications},
  author={Bartal, Yair},
  booktitle={Foundations of Computer Science, 1996. Proceedings., 37th Annual Symposium on},
  pages={184--193},
  year={1996},
  organization={IEEE}
}\

@article{radoslavovtopology,
  title={Topology-informed internet replica placement},
  author={Radoslavov, Pavlin and Govindan, Ramesh and Estrin, Deborah},
  journal={Computer Communications},
  volume={25},
  number={4},
  pages={384--392},
  year={2002},
  publisher={Elsevier}
}

@article{krishnancache,
  title={The cache location problem},
  author={Krishnan, P and Raz, Danny and Shavitt, Yuval},
  journal={IEEE/ACM Transactions on Networking (TON)},
  volume={8},
  number={5},
  pages={568--582},
  year={2000},
  publisher={IEEE Press}
}

@inproceedings{jaminconstrained,
  title={Constrained mirror placement on the Internet},
  author={Jamin, Sugih and Jin, Cheng and Kurc, Anthony R and Raz, Danny and Shavitt, Yuval},
  booktitle={INFOCOM 2001. Twentieth Annual Joint Conference of the IEEE Computer and Communications Societies. Proceedings. IEEE},
  volume={1},
  pages={31--40},
  year={2001},
  organization={IEEE}
}







@article{bacstucache,
  title={Cache-enabled small cell networks: Modeling and tradeoffs},
  author={Ba{\c{s}}tu«ß, Ejder and Bennis, Mehdi and Kountouris, Marios and Debbah, M{\'e}rouane},
  journal={EURASIP Journal on Wireless Communications and Networking},
  volume={2015},
  number={1},
  pages={41},
  year={2015},
  publisher={Nature Publishing Group}
}

@article{bharathlearning,
  title={A learning-based approach to caching in heterogenous small cell networks},
  author={Bharath, BN and Nagananda, KG and Poor, H Vincent},
  journal={IEEE Transactions on Communications},
  volume={64},
  number={4},
  pages={1674--1686},
  year={2016},
  publisher={IEEE}
}

@inproceedings{hamidouchemany,
  title={Many-to-many matching games for proactive social-caching in wireless small cell networks},
  author={Hamidouche, Kenza and Saad, Walid and Debbah, M{\'e}rouane},
  booktitle={Modeling and Optimization in Mobile, Ad Hoc, and Wireless Networks (WiOpt), 2014 12th International Symposium on},
  pages={569--574},
  year={2014},
  organization={IEEE}
}

@article{sourlasdistributed,
  title={Distributed cache management in information-centric networks},
  author={Sourlas, Vasilis and Gkatzikis, Lazaros and Flegkas, Paris and Tassiulas, Leandros},
  journal={IEEE Transactions on Network and Service Management},
  volume={10},
  number={3},
  pages={286--299},
  year={2013},
  publisher={IEEE}
}

@article{wangdesign,
  title={Design and evaluation of the optimal cache allocation for content-centric networking},
  author={Wang, Yonggong and Li, Zhenyu and Tyson, Gareth and Uhlig, Steve and Xie, Gaogang},
  journal={IEEE Transactions on Computers},
  volume={65},
  number={1},
  pages={95--107},
  year={2016},
  publisher={IEEE}
}

@inproceedings{yucongestion,
  title={Congestion-aware edge caching for adaptive video streaming in information-centric networks},
  author={Yu, Yu-Ting and Bronzino, Francesco and Fan, Ruolin and Westphal, Cedric and Gerla, Mario},
  booktitle={Consumer Communications and Networking Conference (CCNC), 2015 12th Annual IEEE},
  pages={588--596},
  year={2015},
  organization={IEEE}
}

@article{azimdoostfundamental,
  title={Fundamental limits on throughput capacity in information-centric networks},
  author={Azimdoost, Bita and Westphal, Cedric and Sadjadpour, Hamid R},
  journal={IEEE Transactions on Communications},
  volume={64},
  number={12},
  pages={5037--5049},
  year={2016},
  publisher={IEEE}
}

@article{li2016pricing,
  title={Pricing and resource allocation via game theory for a small-cell video caching system},
  author={Li, Jun and Chen, He and Chen, Youjia and Lin, Zihuai and Vucetic, Branka and Hanzo, Lajos},
  journal={IEEE Journal on Selected Areas in Communications},
  volume={34},
  number={8},
  pages={2115--2129},
  year={2016},
  publisher={IEEE}
}

@article{mangilibandwidth,
  title={Bandwidth and cache leasing in wireless information-centric networks: A game-theoretic study},
  author={Mangili, Michele and Martignon, Fabio and Paris, Stefano and Capone, Antonio},
  journal={IEEE Transactions on Vehicular Technology},
  volume={66},
  number={1},
  pages={679--695},
  year={2017},
  publisher={IEEE}
}

@inproceedings{pantazopoulosefficient,
  title={Efficient social-aware content placement in opportunistic networks},
  author={Pantazopoulos, Panagiotis and Stavrakakis, Ioannis and Passarella, Andrea and Conti, Marco},
  booktitle={Wireless On-demand Network Systems and Services (WONS), 2010 Seventh International Conference on},
  pages={17--24},
  year={2010},
  organization={IEEE}
}

@article{khansaving,
  title={Saving: Socially aware vehicular information-centric networking},
  author={Khan, Junaid Ahmed and Ghamri-Doudane, Yacine},
  journal={IEEE Communications Magazine},
  volume={54},
  number={8},
  pages={100--107},
  year={2016},
  publisher={IEEE}
}

@inproceedings{bernardinisocially,
  title={Socially-aware caching strategy for content centric networking},
  author={Bernardini, C{\'e}sar and Silverston, Thomas and Festor, Olivier},
  booktitle={Networking Conference, 2014 IFIP},
  pages={1--9},
  year={2014},
  organization={IEEE}
}

@inproceedings{rossisizing,
  title={On sizing CCN content stores by exploiting topological information},
  author={Rossi, Dario and Rossini, Giuseppe},
  booktitle={Computer Communications Workshops (INFOCOM WKSHPS), 2012 IEEE Conference on},
  pages={280--285},
  year={2012},
  organization={IEEE}
}


 @inproceedings{ahlgrensurvey,
  title={A survey of information-centric networking (draft)},
  author={Ahlgren, Bengt and Dannewitz, Christian and Imbrenda, Claudio and Kutscher, Dirk and Ohlman, B{\"o}rje},
  booktitle={Dagstuhl Seminar Proceedings},
  year={2011},
  organization={Schloss Dagstuhl-Leibniz-Zentrum f{\~A}$1/4$r Informatik}
}


























